Automatically generated by Mendeley Desktop 1.18
Any changes to this file will be lost if it is regenerated by Mendeley.

BibTeX export options can be customized via Options -> BibTeX in Mendeley Desktop

@inproceedings{Chatterjee2014,
author = {Chatterjee, Swagata Roy and Majumder, Soham and Pramanik, Bodhisatta and Chakraborty, Mohuya},
booktitle = {2014 Fifth International Symposium on Electronic System Design},
doi = {10.1109/ISED.2014.51},
file = {:C$\backslash$:/Users/lewis/AppData/Local/Mendeley Ltd./Mendeley Desktop/Downloaded/Chatterjee et al. - 2014 - FPGA Implementation of Pipelined Blowfish Algorithm(3).pdf:pdf},
isbn = {978-1-4799-6965-4},
month = {dec},
pages = {208--209},
publisher = {IEEE},
title = {{FPGA Implementation of Pipelined Blowfish Algorithm}},
url = {http://ieeexplore.ieee.org/document/7172778/},
year = {2014}
}
@article{ComputerSecurityDivision2001,
author = {{Computer Security Division}, Nist},
file = {:C$\backslash$:/Users/lewis/AppData/Local/Mendeley Ltd./Mendeley Desktop/Downloaded/Unknown - 2001 - Announcing the ADVANCED ENCRYPTION STANDARD (AES).pdf:pdf},
journal = {FEDERAL INFORMATION PROCESSING STANDARDS PUBLICATION},
title = {{Announcing the ADVANCED ENCRYPTION STANDARD (AES)}},
url = {http://nvlpubs.nist.gov/nistpubs/FIPS/NIST.FIPS.197.pdf},
year = {2001}
}
@article{ComputerSecurityDivision1999,
author = {{Computer Security Division}, Nist},
file = {:C$\backslash$:/Users/lewis/AppData/Local/Mendeley Ltd./Mendeley Desktop/Downloaded/Computer Security Division - 1999 - FIPS 46-3, Data Encryption Standard (DES) (withdrawn May 19, 2005).pdf:pdf},
journal = {FEDERAL INFORMATION PROCESSING STANDARDS PUBLICATION },
title = {{FIPS 46-3, Data Encryption Standard (DES) (withdrawn May 19, 2005)}},
url = {https://csrc.nist.gov/csrc/media/publications/fips/46/3/archive/1999-10-25/documents/fips46-3.pdf},
year = {1999}
}
@article{Robshaw1995,
author = {Robshaw, Matt J. B.},
journal = {RSA Laboratories},
number = {2},
title = {{Stream Ciphers}},
year = {1995}
}
@inproceedings{BruceSchneier1994,
author = {{Bruce Schneier}},
booktitle = {Fast Software Encryption, Cambridge Security Workshop Proceedings},
pages = {192 -- 204},
title = {{Description of a New Variable-Length Key, 64-Bit Block Cipher (Blowfish)}},
year = {1994}
}
@inproceedings{Beaulieu2015,
address = {New York, New York, USA},
author = {Beaulieu, Ray and Shors, Douglas and Smith, Jason and Treatman-Clark, Stefan and Weeks, Bryan and Wingers, Louis},
booktitle = {Proceedings of the 52nd Annual Design Automation Conference on - DAC '15},
doi = {10.1145/2744769.2747946},
file = {:C$\backslash$:/Users/lewis/AppData/Local/Mendeley Ltd./Mendeley Desktop/Downloaded/Beaulieu et al. - 2015 - The SIMON and SPECK lightweight block ciphers.pdf:pdf},
isbn = {9781450335201},
pages = {1--6},
publisher = {ACM Press},
title = {{The SIMON and SPECK lightweight block ciphers}},
url = {http://dl.acm.org/citation.cfm?doid=2744769.2747946},
year = {2015}
}
@inproceedings{Strachacki2008,
author = {Strachacki, Marek and Szczepanski, Stanislaw},
booktitle = {2008 15th IEEE International Conference on Electronics, Circuits and Systems},
doi = {10.1109/ICECS.2008.4674829},
file = {:C$\backslash$:/Users/lewis/AppData/Local/Mendeley Ltd./Mendeley Desktop/Downloaded/Strachacki, Szczepanski - 2008 - Implementation of AES algorithm resistant to differential power analysis.pdf:pdf},
isbn = {978-1-4244-2181-7},
month = {aug},
pages = {214--217},
publisher = {IEEE},
title = {{Implementation of AES algorithm resistant to differential power analysis}},
url = {http://ieeexplore.ieee.org/document/4674829/},
year = {2008}
}
@misc{Team,
author = {Team, The SciEngines},
title = {{COPACOBANA - Special-Purpose Hardware for Code-Breaking}},
url = {http://www.sciengines.com/copacobana/},
urldate = {2017-12-11}
}
@inproceedings{Vasquez2015,
author = {Vasquez, Juan del Carmen Grados and Borges, Fabio and Portugal, Renato and Lara, Pedro},
booktitle = {2015 Workshop on Fault Diagnosis and Tolerance in Cryptography (FDTC)},
doi = {10.1109/FDTC.2015.18},
file = {:C$\backslash$:/Users/lewis/AppData/Local/Mendeley Ltd./Mendeley Desktop/Downloaded/Vasquez et al. - 2015 - An Efficient One-Bit Model for Differential Fault Analysis on Simon Family.pdf:pdf},
isbn = {978-1-4673-7579-5},
month = {sep},
pages = {61--70},
publisher = {IEEE},
title = {{An Efficient One-Bit Model for Differential Fault Analysis on Simon Family}},
url = {http://ieeexplore.ieee.org/document/7426153/},
year = {2015}
}
@inproceedings{Shahverdi2015,
author = {Shahverdi, Aria and Taha, Mostafa and Eisenbarth, Thomas},
booktitle = {2015 IEEE International Symposium on Hardware Oriented Security and Trust (HOST)},
doi = {10.1109/HST.2015.7140227},
file = {:C$\backslash$:/Users/lewis/AppData/Local/Mendeley Ltd./Mendeley Desktop/Downloaded/Shahverdi, Taha, Eisenbarth - 2015 - Silent Simon A threshold implementation under 100 slices.pdf:pdf},
isbn = {978-1-4673-7421-7},
month = {may},
pages = {1--6},
publisher = {IEEE},
title = {{Silent Simon: A threshold implementation under 100 slices}},
url = {http://ieeexplore.ieee.org/document/7140227/},
year = {2015}
}
@inproceedings{Prasetyo2014,
author = {Prasetyo, Kurniawan Nur and Purwanto, Yudha and Darlis, Denny},
booktitle = {2014 2nd International Conference on Information and Communication Technology (ICoICT)},
doi = {10.1109/ICoICT.2014.6914043},
file = {:C$\backslash$:/Users/lewis/AppData/Local/Mendeley Ltd./Mendeley Desktop/Downloaded/Prasetyo, Purwanto, Darlis - 2014 - An implementation of data encryption for Internet of Things using blowfish algorithm on FPGA(3).pdf:pdf},
isbn = {978-1-4799-3581-9},
month = {may},
pages = {75--79},
publisher = {IEEE},
title = {{An implementation of data encryption for Internet of Things using blowfish algorithm on FPGA}},
url = {http://ieeexplore.ieee.org/document/6914043/},
year = {2014}
}
@misc{Ope,
author = {OpenCores},
title = {{Home :: OpenCores}},
url = {https://opencores.org/},
urldate = {2017-12-12}
}
@incollection{AlfredJ.Menezes1996,
author = {{Alfred J. Menezes}, Paul C. van Oorschot and Scott A. Vanstone},
booktitle = {Handbook of Applied Cryptography},
file = {:C$\backslash$:/Users/lewis/Documents/Part III/3rd-Year-Project/References/Self-Study Course in Block Cipher Cryptanalysis.pdf:pdf},
isbn = {0-8493-8523-7},
publisher = {CRC Press},
title = {{Overview of Cryptography}},
url = {http://cacr.uwaterloo.ca/hac/},
year = {1996}
}
@inproceedings{JulianOkello2017,
author = {{Julian Okello}, Wanican and Liu, Qingling and {Ali Siddiqui}, Faizan and Zhang, Chaozhu},
booktitle = {2017 International Conference on Computer, Information and Telecommunication Systems (CITS)},
doi = {10.1109/CITS.2017.8035317},
file = {:C$\backslash$:/Users/lewis/AppData/Local/Mendeley Ltd./Mendeley Desktop/Downloaded/Julian Okello et al. - 2017 - A survey of the current state of lightweight cryptography for the Internet of things.pdf:pdf},
isbn = {978-1-5090-5957-7},
month = {jul},
pages = {292--296},
publisher = {IEEE},
title = {{A survey of the current state of lightweight cryptography for the Internet of things}},
url = {http://ieeexplore.ieee.org/document/8035317/},
year = {2017}
}
@article{Mckay,
author = {Mckay, Kerry A and Bassham, Larry and S{\"{o}}nmez, Meltem and Mouha, Turan Nicky},
doi = {10.6028/NIST.IR.8114},
file = {:C$\backslash$:/Users/lewis/AppData/Local/Mendeley Ltd./Mendeley Desktop/Downloaded/Mckay et al. - Unknown - Report on Lightweight Cryptography.pdf:pdf},
title = {{Report on Lightweight Cryptography}},
url = {http://nvlpubs.nist.gov/nistpubs/ir/2017/NIST.IR.8114.pdf}
}
@article{Shannon1949,
author = {Shannon, C. E.},
doi = {10.1002/j.1538-7305.1949.tb00928.x},
file = {:C$\backslash$:/Users/lewis/AppData/Local/Mendeley Ltd./Mendeley Desktop/Downloaded/Shannon - 1949 - Communication Theory of Secrecy Systems.pdf:pdf},
issn = {00058580},
journal = {Bell System Technical Journal},
month = {oct},
number = {4},
pages = {656--715},
publisher = {Blackwell Publishing Ltd},
title = {{Communication Theory of Secrecy Systems}},
url = {http://ieeexplore.ieee.org/lpdocs/epic03/wrapper.htm?arnumber=6769090},
volume = {28},
year = {1949}
}
@article{Bogdanov2007,
author = {Bogdanov, A and Knudsen, L R and Leander, G and Paar, C and Poschmann, A and Robshaw, M J B and Seurin, Y and Vikkelsoe, C},
file = {:C$\backslash$:/Users/lewis/AppData/Local/Mendeley Ltd./Mendeley Desktop/Downloaded/Bogdanov et al. - 2007 - PRESENT An Ultra-Lightweight Block Cipher.pdf:pdf},
title = {{PRESENT: An Ultra-Lightweight Block Cipher}},
url = {http://lightweightcrypto.org/present/present{\_}ches2007.pdf},
year = {2007}
}
@article{Beaulieu2013,
author = {Beaulieu, Ray and Shors, Douglas and Smith, Jason and Treatman-Clark, Stefan and Weeks, Bryan and Wingers, Louis},
file = {:C$\backslash$:/Users/lewis/AppData/Local/Mendeley Ltd./Mendeley Desktop/Downloaded/Beaulieu et al. - 2013 - The SIMON and SPECK Families of Lightweight Block Ciphers.pdf:pdf},
title = {{The SIMON and SPECK Families of Lightweight Block Ciphers}},
url = {https://eprint.iacr.org/2013/404.pdf},
year = {2013}
}
@article{Evans2011,
author = {Evans, Dave},
file = {:C$\backslash$:/Users/lewis/AppData/Local/Mendeley Ltd./Mendeley Desktop/Downloaded/Evans - 2011 - The Internet of Things How the Next Evolution of the Internet Is Changing Everything.pdf:pdf},
title = {{The Internet of Things How the Next Evolution of the Internet Is Changing Everything}},
url = {https://www.cisco.com/c/dam/en{\_}us/about/ac79/docs/innov/IoT{\_}IBSG{\_}0411FINAL.pdf},
year = {2011}
}
@article{Dworkin2001,
author = {Dworkin, Morris},
doi = {10.6028/NIST.SP.800-38a},
file = {:C$\backslash$:/Users/lewis/AppData/Local/Mendeley Ltd./Mendeley Desktop/Downloaded/Dworkin - 2001 - Recommendation for block cipher modes of operation methods and techniques.pdf:pdf},
journal = {NIST Special Publication},
keywords = {Computer security,Federal Information Processing Standard,NIST SP 800-38A,Recommendation for Block Cipher Modes of Operation,block cipher,cryptography,data security,encryption,mode of operation.},
pages = {800--38},
title = {{Recommendation for block cipher modes of operation: methods and techniques}},
url = {http://nvlpubs.nist.gov/nistpubs/Legacy/SP/nistspecialpublication800-38a.pdf},
year = {2001}
}
@article{Mckay,
author = {Mckay, Kerry A and Bassham, Larry and S{\"{o}}nmez, Meltem and Mouha, Turan Nicky},
doi = {10.6028/NIST.IR.8114},
file = {:C$\backslash$:/Users/lewis/AppData/Local/Mendeley Ltd./Mendeley Desktop/Downloaded/Mckay et al. - Unknown - Report on Lightweight Cryptography.pdf:pdf},
title = {{Report on Lightweight Cryptography}},
url = {http://nvlpubs.nist.gov/nistpubs/ir/2017/NIST.IR.8114.pdf}
}
@incollection{Moradi2011,
author = {Moradi, Amir and Poschmann, Axel and Ling, San and Paar, Christof and Wang, Huaxiong},
doi = {10.1007/978-3-642-20465-4_6},
file = {:C$\backslash$:/Users/lewis/AppData/Local/Mendeley Ltd./Mendeley Desktop/Downloaded/Moradi et al. - 2011 - Pushing the Limits A Very Compact and a Threshold Implementation of AES.pdf:pdf},
pages = {69--88},
publisher = {Springer, Berlin, Heidelberg},
title = {{Pushing the Limits: A Very Compact and a Threshold Implementation of AES}},
url = {http://link.springer.com/10.1007/978-3-642-20465-4{\_}6},
year = {2011}
}
@article{Aysu2014,
author = {Aysu, Aydin and Gulcan, Ege and Schaumont, Patrick},
doi = {10.1109/LES.2014.2314961},
file = {:C$\backslash$:/Users/lewis/AppData/Local/Mendeley Ltd./Mendeley Desktop/Downloaded/Aysu, Gulcan, Schaumont - 2014 - SIMON Says Break Area Records of Block Ciphers on FPGAs.pdf:pdf},
issn = {1943-0663},
journal = {IEEE Embedded Systems Letters},
month = {jun},
number = {2},
pages = {37--40},
title = {{SIMON Says: Break Area Records of Block Ciphers on FPGAs}},
url = {http://ieeexplore.ieee.org/document/6782431/},
volume = {6},
year = {2014}
}
@inproceedings{David2011,
author = {David, Mathieu and Ranasinghe, Damith C. and Larsen, Torben},
booktitle = {2011 IEEE International Conference on RFID},
doi = {10.1109/RFID.2011.5764619},
file = {:C$\backslash$:/Users/lewis/AppData/Local/Mendeley Ltd./Mendeley Desktop/Downloaded/David, Ranasinghe, Larsen - 2011 - A2U2 A stream cipher for printed electronics RFID tags(2).pdf:pdf},
isbn = {978-1-4244-9607-5},
month = {apr},
pages = {176--183},
publisher = {IEEE},
title = {{A2U2: A stream cipher for printed electronics RFID tags}},
url = {http://ieeexplore.ieee.org/document/5764619/},
year = {2011}
}
@article{Feistel1973,
author = {Feistel, Horst},
journal = {Scientific American},
number = {5},
pages = {15 -- 23},
title = {{Cryptography and Computer Privacy}},
volume = {228},
year = {1973}
}
@article{Juels2005,
author = {Juels, Ari and Weis, Stephen A},
file = {:C$\backslash$:/Users/lewis/AppData/Local/Mendeley Ltd./Mendeley Desktop/Downloaded/Juels, Weis - Unknown - Authenticating Pervasive Devices with Human Protocols.pdf:pdf},
journal = {Advances in Cryptology—CRYPTO},
keywords = {HumanAut,Learning Parity with Noise (LPN),RFID,authentication,pervasive computing},
title = {{Authenticating Pervasive Devices with Human Protocols}},
url = {http://www.arijuels.com/wp-content/uploads/2013/09/JW05.pdf},
year = {2005}
}
@article{Borghoff2012,
author = {Borghoff, Julia and Canteaut, Anne and G{\"{u}}neysu, Tim and Kavun, Elif Bilge and Kne{\v{z}}evi, Miroslav and Knudsen, Lars R and Leander, Gregor and Nikov, Ventzislav and Paar, Christof and Rechberger, Christian and Rombouts, Peter and Thomsen, S{\o}ren S and Yal{\c{c}}ın, Tolga},
file = {:C$\backslash$:/Users/lewis/AppData/Local/Mendeley Ltd./Mendeley Desktop/Downloaded/Borghoff et al. - Unknown - PRINCE – A Low-latency Block Cipher for Pervasive Computing Applications.pdf:pdf},
title = {{PRINCE – A Low-latency Block Cipher for Pervasive Computing Applications}},
url = {https://eprint.iacr.org/2012/529.pdf},
year = {2012}
}
@inproceedings{Gomes2016,
author = {Gomes, Otavio de Souza Martins and Moreno, Robson Luiz},
booktitle = {2016 9th International Conference on Developments in eSystems Engineering (DeSE)},
doi = {10.1109/DeSE.2016.17},
file = {:C$\backslash$:/Users/lewis/AppData/Local/Mendeley Ltd./Mendeley Desktop/Downloaded/Gomes, Moreno - 2016 - A Compact S-Box Module for 128192256-bit Symmetric Cryptography Hardware.pdf:pdf},
isbn = {978-1-5090-5487-9},
month = {aug},
pages = {94--97},
publisher = {IEEE},
title = {{A Compact S-Box Module for 128/192/256-bit Symmetric Cryptography Hardware}},
url = {http://ieeexplore.ieee.org/document/7930630/},
year = {2016}
}
@inproceedings{Banik2015,
author = {Banik, Subhadeep and Bogdanov, Andrey and Regazzoni, Francesco},
booktitle = {2015 International Conference on ReConFigurable Computing and FPGAs (ReConFig)},
doi = {10.1109/ReConFig.2015.7393308},
file = {:C$\backslash$:/Users/lewis/AppData/Local/Mendeley Ltd./Mendeley Desktop/Downloaded/Banik, Bogdanov, Regazzoni - 2015 - Exploring the energy consumption of lightweight blockciphers in FPGA(3).pdf:pdf},
isbn = {978-1-4673-9406-2},
month = {dec},
pages = {1--6},
publisher = {IEEE},
title = {{Exploring the energy consumption of lightweight blockciphers in FPGA}},
url = {http://ieeexplore.ieee.org/document/7393308/},
year = {2015}
}
@article{BruceSchneier2000,
author = {{Bruce Schneier}},
file = {:C$\backslash$:/Users/lewis/Documents/Part III/3rd-Year-Project/References/Self-Study Course in Block Cipher Cryptanalysis.pdf:pdf},
journal = {Cryptologia},
number = {1},
pages = {18 -- 34},
title = {{Self-Study Course in Block Cipher Cryptanalysis}},
url = {https://www.schneier.com/academic/archives/2000/01/self-study{\_}course{\_}in.html},
volume = {24},
year = {2000}
}
@inproceedings{Dhoha2006,
author = {Dhoha, C. and {Ben Othman}, S. and {Ben Saoud}, S.},
booktitle = {International Conference on Design and Test of Integrated Systems in Nanoscale Technology, 2006. DTIS 2006.},
doi = {10.1109/DTIS.2006.1708717},
file = {:C$\backslash$:/Users/lewis/AppData/Local/Mendeley Ltd./Mendeley Desktop/Downloaded/Dhoha, Ben Othman, Ben Saoud - 2006 - An FPGA hardware implementation of the Rijndael block cipher.pdf:pdf},
isbn = {0-7803-9726-6},
pages = {351--354},
publisher = {IEEE},
title = {{An FPGA hardware implementation of the Rijndael block cipher}},
url = {http://ieeexplore.ieee.org/document/1708717/},
year = {2006}
}
