@misc{Hegde,
author = {Hegde, Zenobia},
issn = {2397-2807},
title = {{IoT now : how to run an IoT enabled business.}},
url = {https://www.iot-now.com/2017/03/09/59388-iot-applications-autonomous-vehicles-smarter-cars-cellular-iot-vehicle-telematics/},
urldate = {2017-12-12}
}

@article{Evans2011,
author = {Evans, Dave},
file = {:C$\backslash$:/Users/lewis/AppData/Local/Mendeley Ltd./Mendeley Desktop/Downloaded/Evans - 2011 - The Internet of Things How the Next Evolution of the Internet Is Changing Everything(2).pdf:pdf},
title = {{The Internet of Things How the Next Evolution of the Internet Is Changing Everything}},
url = {https://www.cisco.com/c/dam/en{\_}us/about/ac79/docs/innov/IoT{\_}IBSG{\_}0411FINAL.pdf},
year = {2011}
}
