Automatically generated by Mendeley Desktop 1.17.12
Any changes to this file will be lost if it is regenerated by Mendeley.

BibTeX export options can be customized via Options -> BibTeX in Mendeley Desktop

@article{ComputerSecurityDivision2001,
author = {{Computer Security Division}, Nist},
file = {:C$\backslash$:/Users/lewis/AppData/Local/Mendeley Ltd./Mendeley Desktop/Downloaded/Unknown - 2001 - Announcing the ADVANCED ENCRYPTION STANDARD (AES).pdf:pdf},
journal = {FEDERAL INFORMATION PROCESSING STANDARDS PUBLICATION},
title = {{Announcing the ADVANCED ENCRYPTION STANDARD (AES)}},
url = {http://nvlpubs.nist.gov/nistpubs/FIPS/NIST.FIPS.197.pdf},
year = {2001}
}
@inproceedings{David2011,
author = {David, Mathieu and Ranasinghe, Damith C. and Larsen, Torben},
booktitle = {2011 IEEE International Conference on RFID},
doi = {10.1109/RFID.2011.5764619},
file = {:C$\backslash$:/Users/lewis/Documents/Part III/3rd-Year-Project/References/IEEE Search 5/A2U2 A stream cipher for printed electronics RFID tags.pdf:pdf},
isbn = {978-1-4244-9607-5},
month = {apr},
pages = {176--183},
publisher = {IEEE},
title = {{A2U2: A stream cipher for printed electronics RFID tags}},
url = {http://ieeexplore.ieee.org/document/5764619/},
year = {2011}
}
@article{Robshaw1995,
author = {Robshaw, Matt J. B.},
journal = {RSA Laboratories},
number = {2},
title = {{Stream Ciphers}},
year = {1995}
}
@inproceedings{BruceSchneier1994,
author = {{Bruce Schneier}},
booktitle = {Fast Software Encryption, Cambridge Security Workshop Proceedings},
pages = {192 -- 204},
title = {{Description of a New Variable-Length Key, 64-Bit Block Cipher (Blowfish)}},
year = {1994}
}
@article{Juels2005,
author = {Juels, Ari and Weis, Stephen A},
file = {:C$\backslash$:/Users/lewis/AppData/Local/Mendeley Ltd./Mendeley Desktop/Downloaded/Juels, Weis - Unknown - Authenticating Pervasive Devices with Human Protocols.pdf:pdf},
journal = {Advances in Cryptologyâ€”CRYPTO},
keywords = {HumanAut,Learning Parity with Noise (LPN),RFID,authentication,pervasive computing},
title = {{Authenticating Pervasive Devices with Human Protocols}},
url = {http://www.arijuels.com/wp-content/uploads/2013/09/JW05.pdf},
year = {2005}
}
@article{Shannon1949,
author = {Shannon, C. E.},
doi = {10.1002/j.1538-7305.1949.tb00928.x},
file = {:C$\backslash$:/Users/lewis/AppData/Local/Mendeley Ltd./Mendeley Desktop/Downloaded/Shannon - 1949 - Communication Theory of Secrecy Systems.pdf:pdf},
issn = {00058580},
journal = {Bell System Technical Journal},
month = {oct},
number = {4},
pages = {656--715},
publisher = {Blackwell Publishing Ltd},
title = {{Communication Theory of Secrecy Systems}},
url = {http://ieeexplore.ieee.org/lpdocs/epic03/wrapper.htm?arnumber=6769090},
volume = {28},
year = {1949}
}
@article{Feistel1973,
author = {Feistel, Horst},
journal = {Scientific American},
number = {5},
pages = {15 -- 23},
title = {{Cryptography and Computer Privacy}},
volume = {228},
year = {1973}
}
@article{BruceSchneier2000,
author = {{Bruce Schneier}},
file = {:C$\backslash$:/Users/lewis/Documents/Part III/3rd-Year-Project/References/Self-Study Course in Block Cipher Cryptanalysis.pdf:pdf},
journal = {Cryptologia},
number = {1},
pages = {18 -- 34},
title = {{Self-Study Course in Block Cipher Cryptanalysis}},
url = {https://www.schneier.com/academic/archives/2000/01/self-study{\_}course{\_}in.html},
volume = {24},
year = {2000}
}
@incollection{AlfredJ.Menezes1996,
author = {{Alfred J. Menezes}, Paul C. van Oorschot and Scott A. Vanstone},
booktitle = {Handbook of Applied Cryptography},
file = {:C$\backslash$:/Users/lewis/Documents/Part III/3rd-Year-Project/References/Self-Study Course in Block Cipher Cryptanalysis.pdf:pdf},
isbn = {0-8493-8523-7},
publisher = {CRC Press},
title = {{Overview of Cryptography}},
url = {http://cacr.uwaterloo.ca/hac/},
year = {1996}
}
@article{Dworkin2001,
author = {Dworkin, Morris},
doi = {10.6028/NIST.SP.800-38a},
file = {:C$\backslash$:/Users/lewis/AppData/Local/Mendeley Ltd./Mendeley Desktop/Downloaded/Dworkin - 2001 - Recommendation for block cipher modes of operation methods and techniques.pdf:pdf},
journal = {NIST Special Publication},
keywords = {Computer security,Federal Information Processing Standard,NIST SP 800-38A,Recommendation for Block Cipher Modes of Operation,block cipher,cryptography,data security,encryption,mode of operation.},
pages = {800--38},
title = {{Recommendation for block cipher modes of operation: methods and techniques}},
url = {http://nvlpubs.nist.gov/nistpubs/Legacy/SP/nistspecialpublication800-38a.pdf},
year = {2001}
}
@article{ComputerSecurityDivision1999,
author = {{Computer Security Division}, Nist},
file = {:C$\backslash$:/Users/lewis/AppData/Local/Mendeley Ltd./Mendeley Desktop/Downloaded/Computer Security Division - 1999 - FIPS 46-3, Data Encryption Standard (DES) (withdrawn May 19, 2005).pdf:pdf},
journal = {FEDERAL INFORMATION PROCESSING STANDARDS PUBLICATION },
title = {{FIPS 46-3, Data Encryption Standard (DES) (withdrawn May 19, 2005)}},
url = {https://csrc.nist.gov/csrc/media/publications/fips/46/3/archive/1999-10-25/documents/fips46-3.pdf},
year = {1999}
}
@article{Mckay,
author = {Mckay, Kerry A and Bassham, Larry and S{\"{o}}nmez, Meltem and Mouha, Turan Nicky},
doi = {10.6028/NIST.IR.8114},
file = {:C$\backslash$:/Users/lewis/AppData/Local/Mendeley Ltd./Mendeley Desktop/Downloaded/Mckay et al. - Unknown - Report on Lightweight Cryptography.pdf:pdf},
title = {{Report on Lightweight Cryptography}},
url = {http://nvlpubs.nist.gov/nistpubs/ir/2017/NIST.IR.8114.pdf}
}
@inproceedings{Beaulieu2015,
address = {New York, New York, USA},
author = {Beaulieu, Ray and Shors, Douglas and Smith, Jason and Treatman-Clark, Stefan and Weeks, Bryan and Wingers, Louis},
booktitle = {Proceedings of the 52nd Annual Design Automation Conference on - DAC '15},
doi = {10.1145/2744769.2747946},
file = {:C$\backslash$:/Users/lewis/Documents/Part III/3rd-Year-Project/References/IEEE Search 4/The SIMON and SPECK lightweight block ciphers.pdf:pdf},
isbn = {9781450335201},
pages = {1--6},
publisher = {ACM Press},
title = {{The SIMON and SPECK lightweight block ciphers}},
url = {http://dl.acm.org/citation.cfm?doid=2744769.2747946},
year = {2015}
}
@inproceedings{JulianOkello2017,
author = {{Julian Okello}, Wanican and Liu, Qingling and {Ali Siddiqui}, Faizan and Zhang, Chaozhu},
booktitle = {2017 International Conference on Computer, Information and Telecommunication Systems (CITS)},
doi = {10.1109/CITS.2017.8035317},
file = {:C$\backslash$:/Users/lewis/Documents/Part III/3rd-Year-Project/References/IEEE Search 4/A survey of the current state of lightweight cryptography for the Internet of things.pdf:pdf},
isbn = {978-1-5090-5957-7},
month = {jul},
pages = {292--296},
publisher = {IEEE},
title = {{A survey of the current state of lightweight cryptography for the Internet of things}},
url = {http://ieeexplore.ieee.org/document/8035317/},
year = {2017}
}
@misc{Team,
author = {Team, The SciEngines},
title = {{COPACOBANA - Special-Purpose Hardware for Code-Breaking}},
url = {http://www.sciengines.com/copacobana/},
urldate = {2017-12-11}
}
